%% This BibTeX bibliography file was created using BibDesk.
%% http://bibdesk.sourceforge.net/


%% Created for Maximilian Swiatlowski at 2015-03-03 19:51:48 -0800 


%% Saved with string encoding Unicode (UTF-8) 



@book{Detectors,
	Address = {New York},
	Author = {Knoll, Glenn F.},
	Date-Added = {2015-03-04 02:58:39 +0000},
	Date-Modified = {2015-03-04 03:17:29 +0000},
	Edition = {3rd },
	Keywords = {detector},
	Publisher = {Wiley},
	Title = {Radiation detection and measurement},
	Year = {2000}}

@techreport{ATLASIBL,
	Address = {Geneva},
	Author = {Capeans, M and Darbo, G and Einsweiller, K and Elsing, M and Flick, T and Garcia-Sciveres, M and Gemme, C and Pernegger, H and Rohne, O and Vuillermet, R},
	Date-Modified = {2015-03-04 03:17:38 +0000},
	Institution = {CERN},
	Keywords = {ATLAS, detector, IBL},
	Month = {Sep},
	Number = {CERN-LHCC-2010-013. ATLAS-TDR-19},
	Title = {{ATLAS Insertable B-Layer Technical Design Report}},
	Year = {2010},
	Url = {https://cds.cern.ch/record/1291633}}

@article{ATLASCharged,
	Archiveprefix = {arXiv},
	Author = {Aad, G. and others},
	Collaboration = {ATLAS},
	Date-Modified = {2015-03-04 02:01:55 +0000},
	Doi = {10.1088/1367-2630/13/5/053033},
	Eprint = {1012.5104},
	Journal = {New J.Phys.},
	Keywords = {ATLAS, tracking},
	Pages = {053033},
	Primaryclass = {hep-ex},
	Slaccitation = {%%CITATION = ARXIV:1012.5104;%%},
	Title = {{Charged-particle multiplicities in pp interactions measured with the ATLAS detector at the LHC}},
	Volume = {13},
	Year = {2011},
	Bdsk-Url-1 = {http://dx.doi.org/10.1088/1367-2630/13/5/053033}}

@article{ATLASExpected,
	Archiveprefix = {arXiv},
	Collaboration = {ATLAS},
	Date-Modified = {2015-03-04 02:02:06 +0000},
	Eprint = {0901.0512},
	Keywords = {ATLAS, performance},
	Primaryclass = {hep-ex},
	Reportnumber = {SLAC-R-980, CERN-OPEN-2008-020},
	Slaccitation = {%%CITATION = ARXIV:0901.0512;%%},
	Title = {{Expected Performance of the ATLAS Experiment - Detector, Trigger and Physics}},
	Year = {2009},
	Bdsk-File-1 = {YnBsaXN0MDDUAQIDBAUGJCVYJHZlcnNpb25YJG9iamVjdHNZJGFyY2hpdmVyVCR0b3ASAAGGoKgHCBMUFRYaIVUkbnVsbNMJCgsMDxJXTlMua2V5c1pOUy5vYmplY3RzViRjbGFzc6INDoACgAOiEBGABIAFgAdccmVsYXRpdmVQYXRoWWFsaWFzRGF0YV8QGi4uL3NvdXJjZXMvMDkwMS4wNTEydjQucGRm0hcLGBlXTlMuZGF0YU8RAa4AAAAAAa4AAgAADE1hY2ludG9zaCBIRAAAAAAAAAAAAAAAAAAAANDtPGJIKwAAADNlWA8wOTAxLjA1MTJ2NC5wZGYAAAAAAAAAAAAAAAAAAAAAAAAAAAAAAAAAAAAAAAAAAAAAAAAAAAAAAAAAAAAAAAAAPqJE0Ru7ggAAAAAAAAAAAAEAAgAACSAAAAAAAAAAAAAAAAAAAAAHc291cmNlcwAAEAAIAADQ7aziAAAAEQAIAADRHCwCAAAAAQAUADNlWAAr15IAD7ZzAA+2bwACZsYAAgBJTWFjaW50b3NoIEhEOlVzZXJzOgBzd2lhdGxvdzoARG9jdW1lbnRzOgBUaGVzaXM6AHNvdXJjZXM6ADA5MDEuMDUxMnY0LnBkZgAADgAgAA8AMAA5ADAAMQAuADAANQAxADIAdgA0AC4AcABkAGYADwAaAAwATQBhAGMAaQBuAHQAbwBzAGgAIABIAEQAEgA3VXNlcnMvc3dpYXRsb3cvRG9jdW1lbnRzL1RoZXNpcy9zb3VyY2VzLzA5MDEuMDUxMnY0LnBkZgAAEwABLwAAFQACAA///wAAgAbSGxwdHlokY2xhc3NuYW1lWCRjbGFzc2VzXU5TTXV0YWJsZURhdGGjHR8gVk5TRGF0YVhOU09iamVjdNIbHCIjXE5TRGljdGlvbmFyeaIiIF8QD05TS2V5ZWRBcmNoaXZlctEmJ1Ryb290gAEACAARABoAIwAtADIANwBAAEYATQBVAGAAZwBqAGwAbgBxAHMAdQB3AIQAjgCrALAAuAJqAmwCcQJ8AoUCkwKXAp4CpwKsArkCvALOAtEC1gAAAAAAAAIBAAAAAAAAACgAAAAAAAAAAAAAAAAAAALY}}

@article{CMSPaper,
      title          = "{The CMS experiment at the CERN LHC}",
      collaboration  = "CMS",
      journal        = "JINST",
      volume         = "3",
      pages          = "S08004",
      doi            = "10.1088/1748-0221/3/08/S08004",
      year           = "2008",
      SLACcitation   = "%%CITATION = JINST,3,S08004;%%",
}

@article{ATLASPaper,
      title          = "{The ATLAS Experiment at the CERN Large Hadron Collider}",
      collaboration  = "ATLAS",
      journal        = "JINST",
      volume         = "3",
      pages          = "S08003",
      doi            = "10.1088/1748-0221/3/08/S08003",
      year           = "2008",
      SLACcitation   = "%%CITATION = JINST,3,S08003;%%",
	Bdsk-File-1 = {YnBsaXN0MDDUAQIDBAUGJCVYJHZlcnNpb25YJG9iamVjdHNZJGFyY2hpdmVyVCR0b3ASAAGGoKgHCBMUFRYaIVUkbnVsbNMJCgsMDxJXTlMua2V5c1pOUy5vYmplY3RzViRjbGFzc6INDoACgAOiEBGABIAFgAdccmVsYXRpdmVQYXRoWWFsaWFzRGF0YV8QGi4uL3NvdXJjZXMvQVRMQVMgUGFwZXIucGRm0hcLGBlXTlMuZGF0YU8RAa4AAAAAAa4AAgAADE1hY2ludG9zaCBIRAAAAAAAAAAAAAAAAAAAANDtPGJIKwAAADNlWA9BVExBUyBQYXBlci5wZGYAAAAAAAAAAAAAAAAAAAAAAAAAAAAAAAAAAAAAAAAAAAAAAAAAAAAAAAAAAAAAAAAAPpO00RupnwAAAAAAAAAAAAEAAgAACSAAAAAAAAAAAAAAAAAAAAAHc291cmNlcwAAEAAIAADQ7aziAAAAEQAIAADRHBofAAAAAQAUADNlWAAr15IAD7ZzAA+2bwACZsYAAgBJTWFjaW50b3NoIEhEOlVzZXJzOgBzd2lhdGxvdzoARG9jdW1lbnRzOgBUaGVzaXM6AHNvdXJjZXM6AEFUTEFTIFBhcGVyLnBkZgAADgAgAA8AQQBUAEwAQQBTACAAUABhAHAAZQByAC4AcABkAGYADwAaAAwATQBhAGMAaQBuAHQAbwBzAGgAIABIAEQAEgA3VXNlcnMvc3dpYXRsb3cvRG9jdW1lbnRzL1RoZXNpcy9zb3VyY2VzL0FUTEFTIFBhcGVyLnBkZgAAEwABLwAAFQACAA///wAAgAbSGxwdHlokY2xhc3NuYW1lWCRjbGFzc2VzXU5TTXV0YWJsZURhdGGjHR8gVk5TRGF0YVhOU09iamVjdNIbHCIjXE5TRGljdGlvbmFyeaIiIF8QD05TS2V5ZWRBcmNoaXZlctEmJ1Ryb290gAEACAARABoAIwAtADIANwBAAEYATQBVAGAAZwBqAGwAbgBxAHMAdQB3AIQAjgCrALAAuAJqAmwCcQJ8AoUCkwKXAp4CpwKsArkCvALOAtEC1gAAAAAAAAIBAAAAAAAAACgAAAAAAAAAAAAAAAAAAALY}
}

@techreport{DC,
	Date-Added = {2015-02-27 03:19:47 +0000},
	Date-Modified = {2015-02-27 03:20:40 +0000},
	Institution = {Fermilab},
	Keywords = {Accelerators},
	Title = {Proposal for a Dedicated Collider at the Fermi National Accelerator Laboratory},
	Year = {1983},
	Url = {http://lss.fnal.gov/archive/misc/fermilab-misc-1983-02-02.pdf},
	Bdsk-File-1 = {YnBsaXN0MDDUAQIDBAUGJCVYJHZlcnNpb25YJG9iamVjdHNZJGFyY2hpdmVyVCR0b3ASAAGGoKgHCBMUFRYaIVUkbnVsbNMJCgsMDxJXTlMua2V5c1pOUy5vYmplY3RzViRjbGFzc6INDoACgAOiEBGABIAFgAdccmVsYXRpdmVQYXRoWWFsaWFzRGF0YV8QJy4uL3NvdXJjZXMvZmVybWlsYWItbWlzYy0xOTgzLTAyLTAyLnBkZtIXCxgZV05TLmRhdGFPEQHgAAAAAAHgAAIAAAxNYWNpbnRvc2ggSEQAAAAAAAAAAAAAAAAAAADQ7TxiSCsAAAAzZVgcZmVybWlsYWItbWlzYy0xOTgzLTAyLTAyLnBkZgAAAAAAAAAAAAAAAAAAAAAAAAAAAAAAAAAAAAAAAAAAAAAAADnDZdEVIooAAAAAAAAAAAABAAIAAAkgAAAAAAAAAAAAAAAAAAAAB3NvdXJjZXMAABAACAAA0O2s4gAAABEACAAA0RWTCgAAAAEAFAAzZVgAK9eSAA+2cwAPtm8AAmbGAAIAVk1hY2ludG9zaCBIRDpVc2VyczoAc3dpYXRsb3c6AERvY3VtZW50czoAVGhlc2lzOgBzb3VyY2VzOgBmZXJtaWxhYi1taXNjLTE5ODMtMDItMDIucGRmAA4AOgAcAGYAZQByAG0AaQBsAGEAYgAtAG0AaQBzAGMALQAxADkAOAAzAC0AMAAyAC0AMAAyAC4AcABkAGYADwAaAAwATQBhAGMAaQBuAHQAbwBzAGgAIABIAEQAEgBEVXNlcnMvc3dpYXRsb3cvRG9jdW1lbnRzL1RoZXNpcy9zb3VyY2VzL2Zlcm1pbGFiLW1pc2MtMTk4My0wMi0wMi5wZGYAEwABLwAAFQACAA///wAAgAbSGxwdHlokY2xhc3NuYW1lWCRjbGFzc2VzXU5TTXV0YWJsZURhdGGjHR8gVk5TRGF0YVhOU09iamVjdNIbHCIjXE5TRGljdGlvbmFyeaIiIF8QD05TS2V5ZWRBcmNoaXZlctEmJ1Ryb290gAEACAARABoAIwAtADIANwBAAEYATQBVAGAAZwBqAGwAbgBxAHMAdQB3AIQAjgC4AL0AxQKpAqsCsAK7AsQC0gLWAt0C5gLrAvgC+wMNAxADFQAAAAAAAAIBAAAAAAAAACgAAAAAAAAAAAAAAAAAAAMX}}

@techreport{Incident,
      author        = "Bajko, M and others",
      title         = "{Report of the Task Force on the Incident of 19th
                       September 2008 at the LHC}",
      institution   = "CERN",
      address       = "Geneva",
      number        = "CERN-LHC-PROJECT-Report-1168",
      month         = "Mar",
      year          = "2009",
      Url = {https://cds.cern.ch/record/1168025}
}

@techreport{LHCCDR,
	author        = "Pettersson, Thomas Sven and Lef√®vre, P",
	Date-Added = {2015-02-27 00:31:39 +0000},
	Date-Modified = {2015-02-27 00:33:24 +0000},
	Institution = {CERN},
	Keywords = {LHC, CDR},
	Title = {The Large Hadron Collider Conceptual Design},
	collaboration = "LHC Study Group", 
	Year = {1995},
	number        = "CERN-AC-95-05-LHC",
	month = "Oct",
	Url = {https://cds.cern.ch/record/291782},
	Bdsk-File-1 = {YnBsaXN0MDDUAQIDBAUGJCVYJHZlcnNpb25YJG9iamVjdHNZJGFyY2hpdmVyVCR0b3ASAAGGoKgHCBMUFRYaIVUkbnVsbNMJCgsMDxJXTlMua2V5c1pOUy5vYmplY3RzViRjbGFzc6INDoACgAOiEBGABIAFgAdccmVsYXRpdmVQYXRoWWFsaWFzRGF0YV8QGy4uL3NvdXJjZXMvY20tcDAwMDQ3NjE4LnBkZtIXCxgZV05TLmRhdGFPEQGwAAAAAAGwAAIAAAxNYWNpbnRvc2ggSEQAAAAAAAAAAAAAAAAAAADQ7TxiSCsAAAAzZVgQY20tcDAwMDQ3NjE4LnBkZgAAAAAAAAAAAAAAAAAAAAAAAAAAAAAAAAAAAAAAAAAAAAAAAAAAAAAAAAAAAAAAADl2PdEU+yUAAAAAAAAAAAABAAIAAAkgAAAAAAAAAAAAAAAAAAAAB3NvdXJjZXMAABAACAAA0O2s4gAAABEACAAA0RVrpQAAAAEAFAAzZVgAK9eSAA+2cwAPtm8AAmbGAAIASk1hY2ludG9zaCBIRDpVc2VyczoAc3dpYXRsb3c6AERvY3VtZW50czoAVGhlc2lzOgBzb3VyY2VzOgBjbS1wMDAwNDc2MTgucGRmAA4AIgAQAGMAbQAtAHAAMAAwADAANAA3ADYAMQA4AC4AcABkAGYADwAaAAwATQBhAGMAaQBuAHQAbwBzAGgAIABIAEQAEgA4VXNlcnMvc3dpYXRsb3cvRG9jdW1lbnRzL1RoZXNpcy9zb3VyY2VzL2NtLXAwMDA0NzYxOC5wZGYAEwABLwAAFQACAA///wAAgAbSGxwdHlokY2xhc3NuYW1lWCRjbGFzc2VzXU5TTXV0YWJsZURhdGGjHR8gVk5TRGF0YVhOU09iamVjdNIbHCIjXE5TRGljdGlvbmFyeaIiIF8QD05TS2V5ZWRBcmNoaXZlctEmJ1Ryb290gAEACAARABoAIwAtADIANwBAAEYATQBVAGAAZwBqAGwAbgBxAHMAdQB3AIQAjgCsALEAuQJtAm8CdAJ/AogClgKaAqECqgKvArwCvwLRAtQC2QAAAAAAAAIBAAAAAAAAACgAAAAAAAAAAAAAAAAAAALb}}

@article{UNK,
	Date-Added = {2015-02-26 23:58:31 +0000},
	Date-Modified = {2015-03-04 03:51:48 +0000},
	Journal = {Science News},
	Keywords = {Accelerators},
	Title = {Perestroika and Particle Physics},
	Url = {http://www.thefreelibrary.com/Perestroika+and+particle+physics.-a06519299},
	Urldate = {February 26, 2016},
	Year = {1988},
	Bdsk-Url-1 = {http://www.highbeam.com/doc/1G1-6519299.html}}

@proceedings{ECFA1984,
	Date-Added = {2015-02-26 23:30:18 +0000},
	Date-Modified = {2015-02-26 23:31:17 +0000},
	Keywords = {ECFA, LHC},
	Month = {March},
	Organization = {CERN},
	Title = {Large Hadron Collider in the LEP Tunnel},
	Volume = {1},
	Year = {1984},
	Url = {https://cds.cern.ch/record/154938?ln=en},
	Bdsk-File-1 = {YnBsaXN0MDDUAQIDBAUGJCVYJHZlcnNpb25YJG9iamVjdHNZJGFyY2hpdmVyVCR0b3ASAAGGoKgHCBMUFRYaIVUkbnVsbNMJCgsMDxJXTlMua2V5c1pOUy5vYmplY3RzViRjbGFzc6INDoACgAOiEBGABIAFgAdccmVsYXRpdmVQYXRoWWFsaWFzRGF0YV8QHS4uL3NvdXJjZXMvQ0VSTi04NC0xMC1WLTEucGRm0hcLGBlXTlMuZGF0YU8RAbgAAAAAAbgAAgAADE1hY2ludG9zaCBIRAAAAAAAAAAAAAAAAAAAANDtPGJIKwAAADNlWBJDRVJOLTg0LTEwLVYtMS5wZGYAAAAAAAAAAAAAAAAAAAAAAAAAAAAAAAAAAAAAAAAAAAAAAAAAAAAAAAAAAAAAOWeV0RTs6wAAAAAAAAAAAAEAAgAACSAAAAAAAAAAAAAAAAAAAAAHc291cmNlcwAAEAAIAADQ7aziAAAAEQAIAADRFV1rAAAAAQAUADNlWAAr15IAD7ZzAA+2bwACZsYAAgBMTWFjaW50b3NoIEhEOlVzZXJzOgBzd2lhdGxvdzoARG9jdW1lbnRzOgBUaGVzaXM6AHNvdXJjZXM6AENFUk4tODQtMTAtVi0xLnBkZgAOACYAEgBDAEUAUgBOAC0AOAA0AC0AMQAwAC0AVgAtADEALgBwAGQAZgAPABoADABNAGEAYwBpAG4AdABvAHMAaAAgAEgARAASADpVc2Vycy9zd2lhdGxvdy9Eb2N1bWVudHMvVGhlc2lzL3NvdXJjZXMvQ0VSTi04NC0xMC1WLTEucGRmABMAAS8AABUAAgAP//8AAIAG0hscHR5aJGNsYXNzbmFtZVgkY2xhc3Nlc11OU011dGFibGVEYXRhox0fIFZOU0RhdGFYTlNPYmplY3TSGxwiI1xOU0RpY3Rpb25hcnmiIiBfEA9OU0tleWVkQXJjaGl2ZXLRJidUcm9vdIABAAgAEQAaACMALQAyADcAQABGAE0AVQBgAGcAagBsAG4AcQBzAHUAdwCEAI4ArgCzALsCdwJ5An4CiQKSAqACpAKrArQCuQLGAskC2wLeAuMAAAAAAAACAQAAAAAAAAAoAAAAAAAAAAAAAAAAAAAC5Q==}}

@book{ATLAS-LoI,
      title         = "{ATLAS: letter of intent for a general-purpose pp
                       experiment at the large hadron collider at CERN}",
      publisher     = "CERN",
      collaboration = "ATLAS",
      address       = "Geneva",
      series        = "Letter of Intent",
      year          = "1992",
      Url 			= "https://cds.cern.ch/record/291061"
}



@article{EvianCourier,
	Date-Added = {2015-02-26 00:30:56 +0000},
	Date-Modified = {2015-02-26 00:32:06 +0000},
	Journal = {CERN Courier},
	Keywords = {ATLAS, LHC},
	Title = {Early days: The Evian experiment meeting (archive)},
	Year = {2008},
	Url = {http://cerncourier.com/cws/article/cern/35867},
	Bdsk-Url-1 = {http://cerncourier.com/cws/article/cern/35867}}

@book{Evian,
	Author = {{European Committee for Future Accelerators and European Organization for Nuclear Research}},
	Date-Added = {2015-02-26 00:14:54 +0000},
	Date-Modified = {2015-02-26 00:22:14 +0000},
	Keywords = {ATLAS, detector, LHC},
	Publisher = {CERN},
	Title = {Towards the LHC Experimental Programme: 5-8 March 1992, Evian-les-Bains, France : LHC : Proceedings of the General Meeting on LHC Physics \& Detectors},
	Year = {1992},
	Url = {https://cds.cern.ch/record/236265/},
	Bdsk-Url-1 = {http://books.google.com/books/about/Towards_the_LHC_Experimental_Programme.html?id=fZBFHQAACAAJ}}

@article{tdr1,
	Address = {Geneva},
	Collaboration = {ATLAS},
	Date-Added = {2015-02-25 23:04:41 +0000},
	Date-Modified = {2015-02-25 23:30:17 +0000},
	Journal = {Technical Design Report},
	Keywords = {ATLAS, detector, TDR},
	Publisher = {CERN},
	Title = {{ATLAS detector and physics performance: Technical Design Report, 1}},
	Year = {1999},
	Bdsk-File-1 = {YnBsaXN0MDDUAQIDBAUGJCVYJHZlcnNpb25YJG9iamVjdHNZJGFyY2hpdmVyVCR0b3ASAAGGoKgHCBMUFRYaIVUkbnVsbNMJCgsMDxJXTlMua2V5c1pOUy5vYmplY3RzViRjbGFzc6INDoACgAOiEBGABIAFgAdccmVsYXRpdmVQYXRoWWFsaWFzRGF0YV8QGi4uL3NvdXJjZXMvY2VyLTAzMTczMzAucGRm0hcLGBlXTlMuZGF0YU8RAa4AAAAAAa4AAgAADE1hY2ludG9zaCBIRAAAAAAAAAAAAAAAAAAAANDtPGJIKwAAADNlWA9jZXItMDMxNzMzMC5wZGYAAAAAAAAAAAAAAAAAAAAAAAAAAAAAAAAAAAAAAAAAAAAAAAAAAAAAAAAAAAAAAAAAM2Vd0ROVvwAAAAAAAAAAAAEAAgAACSAAAAAAAAAAAAAAAAAAAAAHc291cmNlcwAAEAAIAADQ7aziAAAAEQAIAADRFAY/AAAAAQAUADNlWAAr15IAD7ZzAA+2bwACZsYAAgBJTWFjaW50b3NoIEhEOlVzZXJzOgBzd2lhdGxvdzoARG9jdW1lbnRzOgBUaGVzaXM6AHNvdXJjZXM6AGNlci0wMzE3MzMwLnBkZgAADgAgAA8AYwBlAHIALQAwADMAMQA3ADMAMwAwAC4AcABkAGYADwAaAAwATQBhAGMAaQBuAHQAbwBzAGgAIABIAEQAEgA3VXNlcnMvc3dpYXRsb3cvRG9jdW1lbnRzL1RoZXNpcy9zb3VyY2VzL2Nlci0wMzE3MzMwLnBkZgAAEwABLwAAFQACAA///wAAgAbSGxwdHlokY2xhc3NuYW1lWCRjbGFzc2VzXU5TTXV0YWJsZURhdGGjHR8gVk5TRGF0YVhOU09iamVjdNIbHCIjXE5TRGljdGlvbmFyeaIiIF8QD05TS2V5ZWRBcmNoaXZlctEmJ1Ryb290gAEACAARABoAIwAtADIANwBAAEYATQBVAGAAZwBqAGwAbgBxAHMAdQB3AIQAjgCrALAAuAJqAmwCcQJ8AoUCkwKXAp4CpwKsArkCvALOAtEC1gAAAAAAAAIBAAAAAAAAACgAAAAAAAAAAAAAAAAAAALY}}
